<?xml version="1.0" encoding="UTF-8"?><record xmlns="http://www.loc.gov/MARC21/slim" xmlns:cinclude="http://apache.org/cocoon/include/1.0" xmlns:zs="http://www.loc.gov/zing/srw/">
  <leader>01053nz  a2200157n  4500</leader>
  <controlfield tag="001">no2011130877</controlfield>
  <controlfield tag="003">DLC</controlfield>
  <controlfield tag="005">20110825075235.0</controlfield>
  <controlfield tag="008">110823n| acannaabn          |n ana     c</controlfield>
  <datafield tag="010" ind1=" " ind2=" ">
    <subfield code="a">no2011130877</subfield>
  </datafield>
  <datafield tag="035" ind1=" " ind2=" ">
    <subfield code="a">(OCoLC)oca08953594</subfield>
  </datafield>
  <datafield tag="040" ind1=" " ind2=" ">
    <subfield code="a">IlMchBWI</subfield>
    <subfield code="b">eng</subfield>
    <subfield code="c">IlMchBWI</subfield>
  </datafield>
  <datafield tag="110" ind1="2" ind2=" ">
    <subfield code="a">Momentum Experience (Firm)</subfield>
  </datafield>
  <datafield tag="670" ind1=" " ind2=" ">
    <subfield code="a">The seat filler [VR], 2006:</subfield>
    <subfield code="b">container (The Momentum Experience presents)</subfield>
  </datafield>
  <datafield tag="670" ind1=" " ind2=" ">
    <subfield code="a">IMDb, Aug. 12, 2011</subfield>
    <subfield code="b">(The Momentum Experience; U.S. production company and distributor)</subfield>
  </datafield>
  <datafield tag="670" ind1=" " ind2=" ">
    <subfield code="a">BlackFilm website, Aug. 12, 2011:</subfield>
    <subfield code="b">article dated July 15, 2005 (Entrepreneurs Nia Hill, D'Angela Steed and Duane Martin, with investors Will Smith and Tisha Campbell-Martin, formed The Momentum Experience, a new theatrical distribution entity; an alternative model of film exhibition in non-traditional theatrical venues; will screen films starring people of color in venues outside of the movie multiplex, including playhouses and concert halls. Blair Underwood has accepted appointment as chair of the advisory board, launched on July 20, 2005)</subfield>
  </datafield>
</record>